---
---

Buttons:
- `abbr`: Adds an abbreviation to the left of the entry. You can add links to these by creating a venue.yaml-file in the \_data folder and adding entries that match.
- `abstract`: Adds an "Abs" button that expands a hidden text field when clicked to show the abstract text
- `altmetric`: Adds an [Altmetric](https://www.altmetric.com/) badge (Note: if DOI is provided just use `true`, otherwise only add the altmetric identifier here - the link is generated automatically)
- `annotation`: Adds a popover info message to the end of the author list that can potentially be used to clarify superscripts. HTML is allowed.
- `arxiv`: Adds a link to the Arxiv website (Note: only add the arxiv identifier here - the link is generated automatically)
- `bibtex_show`: Adds a "Bib" button that expands a hidden text field with the full bibliography entry
- `blog`: Adds a "Blog" button redirecting to the specified link
- `code`: Adds a "Code" button redirecting to the specified link
- `dimensions`: Adds a [Dimensions](https://www.dimensions.ai/) badge (Note: if DOI or PMID is provided just use `true`, otherwise only add the Dimensions' identifier here - the link is generated automatically)
- `html`: Inserts an "HTML" button redirecting to the user-specified link
- `pdf`: Adds a "PDF" button redirecting to a specified file (if a full link is not specified, the file will be assumed to be placed in the /assets/pdf/ directory)
- `poster`: Adds a "Poster" button redirecting to a specified file (if a full link is not specified, the file will be assumed to be placed in the /assets/pdf/ directory)
- `slides`: Adds a "Slides" button redirecting to a specified file (if a full link is not specified, the file will be assumed to be placed in the /assets/pdf/ directory)
- `supp`: Adds a "Supp" button to a specified file (if a full link is not specified, the file will be assumed to be placed in the /assets/pdf/ directory)
- `video`: Adds a "Video" button redirecting to a specified file (if a full link is not specified, the file will be assumed to be placed in the /assets/video/ directory)
- `website`: Adds a "Website" button redirecting to the specified link

Extra:
- `preview`
- `google_scholar_id`
- `additional_info`
- `award`
- `award_name`
- `eprint`


@article{albersMagnetosphericVenusSpace2024,
	title = {Magnetospheric {Venus} {Space} {Explorers} ({MVSE}) mission: {A} proposal for understanding the dynamics of induced magnetospheres},
	volume = {221},
	issn = {00945765},
	shorttitle = {Magnetospheric {Venus} {Space} {Explorers} ({MVSE}) mission},
	url = {https://linkinghub.elsevier.com/retrieve/pii/S0094576524002674},
	doi = {10.1016/j.actaastro.2024.05.017},
	language = {en},
	urldate = {2024-10-26},
	journal = {Acta Astronautica},
	author = {Albers, Roland and Andrews, Henrik and Boccacci, Gabriele and Pires, Vasco D.C. and Laddha, Sunny and Lundén, Ville and Maraqten, Nadim and Matias, João and Krämer, Eva and Schulz, Leonard and Palanca, Ines Terraza and Teubenbacher, Daniel and Baskevitch, Claire and Covella, Francesca and Cressa, Luca and Moreno, Juan Garrido and Gillmayr, Jana and Hollowood, Joshua and Huber, Kilian and Kutnohorsky, Viktoria and Lennerstrand, Sofia and Malatinszky, Adel and Manzini, Davide and Maurer, Manuel and Nidelea, Daiana Maria Alessandra and Rigon, Luca and Sinjan, Jonas and Suarez, Crisel and Viviano, Mirko and Knutsen, Elise Wright},
	month = aug,
	year = {2024},
	pages = {194--205},
  google_scholar_id = {IjCSPb-OGe4C},
}

@article{albersMagnetosphericVenusSpace2024,
	title = {Magnetospheric {Venus} {Space} {Explorers} ({MVSE}) mission: {A} proposal for understanding the dynamics of induced magnetospheres},
	volume = {221},
	issn = {00945765},
	shorttitle = {Magnetospheric {Venus} {Space} {Explorers} ({MVSE}) mission},
	url = {https://linkinghub.elsevier.com/retrieve/pii/S0094576524002674},
	doi = {10.1016/j.actaastro.2024.05.017},
	abstract = {aaa},
	language = {English},
	number = {6},
	urldate = {2024-10-26},
	journal = {Acta Astronautica},
	author = {Albers, Roland and Andrews, Henrik and Boccacci, Gabriele and Pires, Vasco D.C. and Laddha, Sunny and Lundén, Ville and Maraqten, Nadim and Matias, João and Krämer, Eva and Schulz, Leonard and Palanca, Ines Terraza and Teubenbacher, Daniel and Baskevitch, Claire and Covella, Francesca and Cressa, Luca and Moreno, Juan Garrido and Gillmayr, Jana and Hollowood, Joshua and Huber, Kilian and Kutnohorsky, Viktoria and Lennerstrand, Sofia and Malatinszky, Adel and Manzini, Davide and Maurer, Manuel and Nidelea, Daiana Maria Alessandra and Rigon, Luca and Sinjan, Jonas and Suarez, Crisel and Viviano, Mirko and Knutsen, Elise Wright},
	month = aug,
	year = {2024},
	keywords = {Data visualization, Task analysis, Visual analytics, Law, Natural language processing, Legal documents, natural language processing, Analytical models, Text analysis, Brazilian legal system, visual analytics},
	pages = {3105--3120},
	abbr = {TVCG 2023},
	bibtex_show = true,
	html = {https://ieeexplore.ieee.org/document/9716779/},
	pdf = {Paper 005 - Pub_MVSE - Magnetospheric Venus Space Explorers.pdf},
	selected = {true},
	preview = {MVSE_preview.jpg},
}


@incollection{paisDevelopment3DprintedFFF2021,
	address = {London},
	edition = {1},
	title = {Development of {3D}-printed ({FFF}) devices to fight {COVID}-19 transmission},
	isbn = {978-1-00-321715-2},
	url = {https://www.taylorfrancis.com/chapters/edit/10.1201/9781003217152-51/development-3d-printed-fff-devices-fight-covid-19-transmission-pais-pires-ferreira-silva-alves-bastos-belinha},
	language = {en},
	urldate = {2024-01-31},
	booktitle = {Advances and {Current} {Trends} in {Biomechanics}},
	publisher = {CRC Press},
	author = {Pais, A. and Pires, V. and Ferreira, C. and Silva, J and Alves, J.L. and Bastos, J. and Belinha, J.},
	collaborator = {Belinha, Jorge and Campos, José Carlos Reis and Fonseca, Elza and Figueiral Silva, Maria Helena and Marques, Maria Arcelina and Gentil Costa, Maria Fernanda and Oliveira, Susana},
	month = oct,
	year = {2021},
	doi = {10.1201/9781003217152-51},
	pages = {231--235},
}